%% This BibTeX bibliography file was created using BibDesk.
%% http://bibdesk.sourceforge.net/

%% Created for Lauro Cesar Araujo at 2015-04-27 19:43:45 -0300

%% Saved with string encoding Unicode (UTF-8)

@manual{svn-book,
	Author = {Ben Collins-Sussman},
	Title = {Controle de Vers√£o com Subversion},
	Year = 2002,
	Url = {https://svnbook-pt-br.googlecode.com/svn/snapshots/1.4/index.html}
}

@manual{svn-site-home,
	Author = {Apache Org.},
	Title = {Subversion},
	Year = 2015,
	Url = {https://subversion.apache.org}
}

@manual{svn-site,
	Author = {Apache Org.},
	Title = {Subversion},
	Year = 2015,
	Url = {https://subversion.apache.org/download.cgi}
}

@manual{cvs-book,
	Author = {Dick Grune},
	Title = {Concurrent Versions System},
	Year = 2005,
	Url = {http://www.nongnu.org/cvs/}
}

@manual{apache-faq,
	Author = {Apache FAQ},
	Title = {What operating systems does Subversion run on?},
	Year = 2005,
	Url = {https://subversion.apache.org/faq.html}
}

@manual{wiki-svn,
	Author = {Ubuntu Wiki},
	Title = {Subversion},
	Year = 2013,
	Url = {http://wiki.ubuntu-br.org/Subversion}
}
